[
  {
    "time_key": 20221016,
    "date": "2022-10-16",
    "year_month": "2022-10",
    "platform_key": 1,
    "platform_name": "Lazada",
    "impressions": 28444,
    "clicks": 651,
    "ctr": 2.29,
    "spend": 3538.83,
    "units_sold": 31,
    "revenue": 11774.9,
    "cpc": 5.44,
    "roi": 3.33,
    "period_start": "2022-10-01",
    "period_end": "2022-10-31",
    "granularity": "monthly",
    "extraction_timestamp": "2025-10-13T16:43:55.747809"
  },
  {
    "time_key": 20221116,
    "date": "2022-11-16",
    "year_month": "2022-11",
    "platform_key": 1,
    "platform_name": "Lazada",
    "impressions": 141174,
    "clicks": 3348,
    "ctr": 2.37,
    "spend": 15565.66,
    "units_sold": 50,
    "revenue": 19266.4,
    "cpc": 4.65,
    "roi": 1.24,
    "period_start": "2022-11-01",
    "period_end": "2022-11-30",
    "granularity": "monthly",
    "extraction_timestamp": "2025-10-13T16:43:56.645231"
  },
  {
    "time_key": 20221216,
    "date": "2022-12-16",
    "year_month": "2022-12",
    "platform_key": 1,
    "platform_name": "Lazada",
    "impressions": 40129,
    "clicks": 837,
    "ctr": 2.09,
    "spend": 3502.09,
    "units_sold": 9,
    "revenue": 3185.25,
    "cpc": 4.18,
    "roi": 0.91,
    "period_start": "2022-12-01",
    "period_end": "2022-12-31",
    "granularity": "monthly",
    "extraction_timestamp": "2025-10-13T16:43:57.512698"
  },
  {
    "time_key": 20230116,
    "date": "2023-01-16",
    "year_month": "2023-01",
    "platform_key": 1,
    "platform_name": "Lazada",
    "impressions": 54736,
    "clicks": 1591,
    "ctr": 2.91,
    "spend": 8385.47,
    "units_sold": 59,
    "revenue": 22490.03,
    "cpc": 5.27,
    "roi": 2.68,
    "period_start": "2023-01-01",
    "period_end": "2023-01-31",
    "granularity": "monthly",
    "extraction_timestamp": "2025-10-13T16:43:58.396075"
  },
  {
    "time_key": 20230216,
    "date": "2023-02-16",
    "year_month": "2023-02",
    "platform_key": 1,
    "platform_name": "Lazada",
    "impressions": 127003,
    "clicks": 3409,
    "ctr": 2.68,
    "spend": 17506.94,
    "units_sold": 106,
    "revenue": 39214.82,
    "cpc": 5.14,
    "roi": 2.24,
    "period_start": "2023-02-01",
    "period_end": "2023-02-28",
    "granularity": "monthly",
    "extraction_timestamp": "2025-10-13T16:43:59.295314"
  },
  {
    "time_key": 20230316,
    "date": "2023-03-16",
    "year_month": "2023-03",
    "platform_key": 1,
    "platform_name": "Lazada",
    "impressions": 105076,
    "clicks": 3015,
    "ctr": 2.87,
    "spend": 16305.26,
    "units_sold": 119,
    "revenue": 43373.69,
    "cpc": 5.41,
    "roi": 2.66,
    "period_start": "2023-03-01",
    "period_end": "2023-03-31",
    "granularity": "monthly",
    "extraction_timestamp": "2025-10-13T16:44:00.172359"
  },
  {
    "time_key": 20230416,
    "date": "2023-04-16",
    "year_month": "2023-04",
    "platform_key": 1,
    "platform_name": "Lazada",
    "impressions": 56856,
    "clicks": 1932,
    "ctr": 3.4,
    "spend": 10185.11,
    "units_sold": 73,
    "revenue": 27832.9,
    "cpc": 5.27,
    "roi": 2.73,
    "period_start": "2023-04-01",
    "period_end": "2023-04-30",
    "granularity": "monthly",
    "extraction_timestamp": "2025-10-13T16:44:01.071786"
  },
  {
    "time_key": 20230516,
    "date": "2023-05-16",
    "year_month": "2023-05",
    "platform_key": 1,
    "platform_name": "Lazada",
    "impressions": 56266,
    "clicks": 1603,
    "ctr": 2.85,
    "spend": 8650.0,
    "units_sold": 177,
    "revenue": 64565.74,
    "cpc": 5.4,
    "roi": 7.46,
    "period_start": "2023-05-01",
    "period_end": "2023-05-31",
    "granularity": "monthly",
    "extraction_timestamp": "2025-10-13T16:44:01.969119"
  },
  {
    "time_key": 20230616,
    "date": "2023-06-16",
    "year_month": "2023-06",
    "platform_key": 1,
    "platform_name": "Lazada",
    "impressions": 53659,
    "clicks": 1879,
    "ctr": 3.5,
    "spend": 9283.5,
    "units_sold": 232,
    "revenue": 84979.07,
    "cpc": 4.94,
    "roi": 9.15,
    "period_start": "2023-06-01",
    "period_end": "2023-06-30",
    "granularity": "monthly",
    "extraction_timestamp": "2025-10-13T16:44:02.895338"
  },
  {
    "time_key": 20230716,
    "date": "2023-07-16",
    "year_month": "2023-07",
    "platform_key": 1,
    "platform_name": "Lazada",
    "impressions": 58933,
    "clicks": 1932,
    "ctr": 3.28,
    "spend": 10700.72,
    "units_sold": 224,
    "revenue": 86575.05,
    "cpc": 5.54,
    "roi": 8.09,
    "period_start": "2023-07-01",
    "period_end": "2023-07-31",
    "granularity": "monthly",
    "extraction_timestamp": "2025-10-13T16:44:03.810468"
  },
  {
    "time_key": 20230816,
    "date": "2023-08-16",
    "year_month": "2023-08",
    "platform_key": 1,
    "platform_name": "Lazada",
    "impressions": 58578,
    "clicks": 1828,
    "ctr": 3.12,
    "spend": 10714.76,
    "units_sold": 191,
    "revenue": 73998.77,
    "cpc": 5.86,
    "roi": 6.91,
    "period_start": "2023-08-01",
    "period_end": "2023-08-31",
    "granularity": "monthly",
    "extraction_timestamp": "2025-10-13T16:44:04.698136"
  },
  {
    "time_key": 20230916,
    "date": "2023-09-16",
    "year_month": "2023-09",
    "platform_key": 1,
    "platform_name": "Lazada",
    "impressions": 68434,
    "clicks": 2518,
    "ctr": 3.68,
    "spend": 17087.08,
    "units_sold": 341,
    "revenue": 125483.46,
    "cpc": 6.79,
    "roi": 7.34,
    "period_start": "2023-09-01",
    "period_end": "2023-09-30",
    "granularity": "monthly",
    "extraction_timestamp": "2025-10-13T16:44:05.557306"
  },
  {
    "time_key": 20231016,
    "date": "2023-10-16",
    "year_month": "2023-10",
    "platform_key": 1,
    "platform_name": "Lazada",
    "impressions": 55796,
    "clicks": 1966,
    "ctr": 3.52,
    "spend": 11302.62,
    "units_sold": 208,
    "revenue": 80465.71,
    "cpc": 5.75,
    "roi": 7.12,
    "period_start": "2023-10-01",
    "period_end": "2023-10-31",
    "granularity": "monthly",
    "extraction_timestamp": "2025-10-13T16:44:06.466970"
  },
  {
    "time_key": 20231116,
    "date": "2023-11-16",
    "year_month": "2023-11",
    "platform_key": 1,
    "platform_name": "Lazada",
    "impressions": 56238,
    "clicks": 2076,
    "ctr": 3.69,
    "spend": 11753.71,
    "units_sold": 256,
    "revenue": 92542.74,
    "cpc": 5.66,
    "roi": 7.87,
    "period_start": "2023-11-01",
    "period_end": "2023-11-30",
    "granularity": "monthly",
    "extraction_timestamp": "2025-10-13T16:44:07.376264"
  },
  {
    "time_key": 20231216,
    "date": "2023-12-16",
    "year_month": "2023-12",
    "platform_key": 1,
    "platform_name": "Lazada",
    "impressions": 54410,
    "clicks": 2228,
    "ctr": 4.09,
    "spend": 11854.45,
    "units_sold": 271,
    "revenue": 99022.05,
    "cpc": 5.32,
    "roi": 8.35,
    "period_start": "2023-12-01",
    "period_end": "2023-12-31",
    "granularity": "monthly",
    "extraction_timestamp": "2025-10-13T16:44:08.289227"
  },
  {
    "time_key": 20240116,
    "date": "2024-01-16",
    "year_month": "2024-01",
    "platform_key": 1,
    "platform_name": "Lazada",
    "impressions": 61844,
    "clicks": 2584,
    "ctr": 4.18,
    "spend": 13763.43,
    "units_sold": 282,
    "revenue": 106414.36,
    "cpc": 5.33,
    "roi": 7.73,
    "period_start": "2024-01-01",
    "period_end": "2024-01-31",
    "granularity": "monthly",
    "extraction_timestamp": "2025-10-13T16:44:09.157562"
  },
  {
    "time_key": 20240216,
    "date": "2024-02-16",
    "year_month": "2024-02",
    "platform_key": 1,
    "platform_name": "Lazada",
    "impressions": 68111,
    "clicks": 2421,
    "ctr": 3.55,
    "spend": 14428.27,
    "units_sold": 184,
    "revenue": 71701.23,
    "cpc": 5.96,
    "roi": 4.97,
    "period_start": "2024-02-01",
    "period_end": "2024-02-29",
    "granularity": "monthly",
    "extraction_timestamp": "2025-10-13T16:44:10.022554"
  },
  {
    "time_key": 20240316,
    "date": "2024-03-16",
    "year_month": "2024-03",
    "platform_key": 1,
    "platform_name": "Lazada",
    "impressions": 65216,
    "clicks": 2015,
    "ctr": 3.09,
    "spend": 12835.51,
    "units_sold": 239,
    "revenue": 88202.32,
    "cpc": 6.37,
    "roi": 6.87,
    "period_start": "2024-03-01",
    "period_end": "2024-03-31",
    "granularity": "monthly",
    "extraction_timestamp": "2025-10-13T16:44:10.963767"
  },
  {
    "time_key": 20240416,
    "date": "2024-04-16",
    "year_month": "2024-04",
    "platform_key": 1,
    "platform_name": "Lazada",
    "impressions": 50334,
    "clicks": 1979,
    "ctr": 3.93,
    "spend": 11696.07,
    "units_sold": 262,
    "revenue": 97203.29,
    "cpc": 5.91,
    "roi": 8.31,
    "period_start": "2024-04-01",
    "period_end": "2024-04-30",
    "granularity": "monthly",
    "extraction_timestamp": "2025-10-13T16:44:11.898315"
  },
  {
    "time_key": 20240516,
    "date": "2024-05-16",
    "year_month": "2024-05",
    "platform_key": 1,
    "platform_name": "Lazada",
    "impressions": 56250,
    "clicks": 1985,
    "ctr": 3.53,
    "spend": 12607.36,
    "units_sold": 218,
    "revenue": 81564.35,
    "cpc": 6.35,
    "roi": 6.47,
    "period_start": "2024-05-01",
    "period_end": "2024-05-31",
    "granularity": "monthly",
    "extraction_timestamp": "2025-10-13T16:44:12.773954"
  },
  {
    "time_key": 20240616,
    "date": "2024-06-16",
    "year_month": "2024-06",
    "platform_key": 1,
    "platform_name": "Lazada",
    "impressions": 62922,
    "clicks": 2320,
    "ctr": 3.69,
    "spend": 14248.6,
    "units_sold": 212,
    "revenue": 79020.35,
    "cpc": 6.14,
    "roi": 5.55,
    "period_start": "2024-06-01",
    "period_end": "2024-06-30",
    "granularity": "monthly",
    "extraction_timestamp": "2025-10-13T16:44:13.686147"
  },
  {
    "time_key": 20240716,
    "date": "2024-07-16",
    "year_month": "2024-07",
    "platform_key": 1,
    "platform_name": "Lazada",
    "impressions": 72435,
    "clicks": 2597,
    "ctr": 3.59,
    "spend": 14985.33,
    "units_sold": 191,
    "revenue": 71322.47,
    "cpc": 5.77,
    "roi": 4.76,
    "period_start": "2024-07-01",
    "period_end": "2024-07-31",
    "granularity": "monthly",
    "extraction_timestamp": "2025-10-13T16:44:14.581270"
  },
  {
    "time_key": 20240816,
    "date": "2024-08-16",
    "year_month": "2024-08",
    "platform_key": 1,
    "platform_name": "Lazada",
    "impressions": 85676,
    "clicks": 2979,
    "ctr": 3.48,
    "spend": 16915.59,
    "units_sold": 221,
    "revenue": 84516.55,
    "cpc": 5.68,
    "roi": 5.0,
    "period_start": "2024-08-01",
    "period_end": "2024-08-31",
    "granularity": "monthly",
    "extraction_timestamp": "2025-10-13T16:44:15.484078"
  },
  {
    "time_key": 20240916,
    "date": "2024-09-16",
    "year_month": "2024-09",
    "platform_key": 1,
    "platform_name": "Lazada",
    "impressions": 64083,
    "clicks": 2207,
    "ctr": 3.44,
    "spend": 11271.92,
    "units_sold": 243,
    "revenue": 88775.71,
    "cpc": 5.11,
    "roi": 7.88,
    "period_start": "2024-09-01",
    "period_end": "2024-09-30",
    "granularity": "monthly",
    "extraction_timestamp": "2025-10-13T16:44:16.341300"
  },
  {
    "time_key": 20241016,
    "date": "2024-10-16",
    "year_month": "2024-10",
    "platform_key": 1,
    "platform_name": "Lazada",
    "impressions": 93798,
    "clicks": 2615,
    "ctr": 2.79,
    "spend": 14230.43,
    "units_sold": 173,
    "revenue": 66664.14,
    "cpc": 5.44,
    "roi": 4.68,
    "period_start": "2024-10-01",
    "period_end": "2024-10-31",
    "granularity": "monthly",
    "extraction_timestamp": "2025-10-13T16:44:17.199173"
  },
  {
    "time_key": 20241116,
    "date": "2024-11-16",
    "year_month": "2024-11",
    "platform_key": 1,
    "platform_name": "Lazada",
    "impressions": 100925,
    "clicks": 2925,
    "ctr": 2.9,
    "spend": 16678.09,
    "units_sold": 244,
    "revenue": 94293.99,
    "cpc": 5.7,
    "roi": 5.65,
    "period_start": "2024-11-01",
    "period_end": "2024-11-30",
    "granularity": "monthly",
    "extraction_timestamp": "2025-10-13T16:44:18.093727"
  },
  {
    "time_key": 20241216,
    "date": "2024-12-16",
    "year_month": "2024-12",
    "platform_key": 1,
    "platform_name": "Lazada",
    "impressions": 87985,
    "clicks": 3096,
    "ctr": 3.52,
    "spend": 16269.37,
    "units_sold": 333,
    "revenue": 122520.79,
    "cpc": 5.26,
    "roi": 7.53,
    "period_start": "2024-12-01",
    "period_end": "2024-12-31",
    "granularity": "monthly",
    "extraction_timestamp": "2025-10-13T16:44:18.987293"
  },
  {
    "time_key": 20250116,
    "date": "2025-01-16",
    "year_month": "2025-01",
    "platform_key": 1,
    "platform_name": "Lazada",
    "impressions": 175085,
    "clicks": 4746,
    "ctr": 2.71,
    "spend": 21393.91,
    "units_sold": 243,
    "revenue": 92723.48,
    "cpc": 4.51,
    "roi": 4.33,
    "period_start": "2025-01-01",
    "period_end": "2025-01-31",
    "granularity": "monthly",
    "extraction_timestamp": "2025-10-13T16:44:19.878478"
  },
  {
    "time_key": 20250216,
    "date": "2025-02-16",
    "year_month": "2025-02",
    "platform_key": 1,
    "platform_name": "Lazada",
    "impressions": 95786,
    "clicks": 3425,
    "ctr": 3.58,
    "spend": 18464.77,
    "units_sold": 224,
    "revenue": 81536.22,
    "cpc": 5.39,
    "roi": 4.42,
    "period_start": "2025-02-01",
    "period_end": "2025-02-28",
    "granularity": "monthly",
    "extraction_timestamp": "2025-10-13T16:44:20.791702"
  },
  {
    "time_key": 20250316,
    "date": "2025-03-16",
    "year_month": "2025-03",
    "platform_key": 1,
    "platform_name": "Lazada",
    "impressions": 189560,
    "clicks": 5301,
    "ctr": 2.8,
    "spend": 27798.63,
    "units_sold": 209,
    "revenue": 79738.5,
    "cpc": 5.24,
    "roi": 2.87,
    "period_start": "2025-03-01",
    "period_end": "2025-03-31",
    "granularity": "monthly",
    "extraction_timestamp": "2025-10-13T16:44:21.695821"
  },
  {
    "time_key": 20250416,
    "date": "2025-04-16",
    "year_month": "2025-04",
    "platform_key": 1,
    "platform_name": "Lazada",
    "impressions": 96449,
    "clicks": 4304,
    "ctr": 4.46,
    "spend": 12905.33,
    "units_sold": 157,
    "revenue": 61351.69,
    "cpc": 3.0,
    "roi": 4.75,
    "period_start": "2025-04-01",
    "period_end": "2025-04-30",
    "granularity": "monthly",
    "extraction_timestamp": "2025-10-13T16:44:22.596979"
  }
]